<record xmlns="http://www.loc.gov/MARC21/slim" xmlns:xsi="http://www.w3.org/2001/XMLSchema-instance" xsi:schemaLocation="http://www.loc.gov/MARC21/slim http://www.loc.gov/standards/marcxml/schema/MARC21slim.xsd"><leader>02245nam a2200385   4500</leader><controlfield tag="001">1847446</controlfield><controlfield tag="003">NIC</controlfield><controlfield tag="006">m        d        </controlfield><controlfield tag="007">cr cn |||m|||a</controlfield><controlfield tag="008">150222q19801986ir      o     000 0 ara  </controlfield><datafield ind1=" " ind2=" " tag="040"><subfield code="a">NNU</subfield><subfield code="b">eng</subfield><subfield code="e">rda</subfield><subfield code="c">NNU</subfield></datafield><datafield ind1="0" ind2="0" tag="050"><subfield code="a">PJ6161.Q343</subfield><subfield code="b">S53 1980</subfield></datafield><datafield ind1="0" ind2="0" tag="245"><subfield code="6">880-01</subfield><subfield code="a">Shuru&#772;h&#803; al-Talkhi&#772;s&#803;.</subfield></datafield><datafield ind1=" " ind2=" " tag="260"><subfield code="6">880-02</subfield><subfield code="a">[Qum] :</subfield><subfield code="b">Nashr Adab al-H&#803;awzah,</subfield><subfield code="c">[198-?]</subfield></datafield><datafield ind1=" " ind2=" " tag="300"><subfield code="a">online resource (4 volumes)</subfield></datafield><datafield ind1=" " ind2=" " tag="336"><subfield code="a">text</subfield><subfield code="2">rdacontent</subfield></datafield><datafield ind1=" " ind2=" " tag="337"><subfield code="a">computer</subfield><subfield code="2">rdamedia</subfield></datafield><datafield ind1=" " ind2=" " tag="338"><subfield code="a">online resource</subfield><subfield code="2">rdacarrier</subfield></datafield><datafield ind1=" " ind2=" " tag="500"><subfield code="a">Includes commentaries on the Talkhis&#803; al-Mifta&#772;h&#803; by Mas&#699;u&#772;d ibn &#699;Umar al-Tafta&#772;za&#772;ni&#772; and others, and other works.</subfield></datafield><datafield ind1=" " ind2=" " tag="500"><subfield code="a">Part of the Arabic Collections Online (ACO) project, contributed by Cornell University Libraries.</subfield></datafield><datafield ind1="0" ind2=" " tag="505"><subfield code="a">Mukhtas&#803;ar al-&#699;Alla&#772;mah Sa&#699;d al-Di&#772;n al-Taftaza&#772;ni&#772; &#699;ala&#769; Talkhi&#772;s&#803; al-Mifta&#772;h&#803; lil-Khat&#803;i&#772;b al-Qazwi&#772;ni&#772; -- Mawa&#772;hib al-fatta&#772;h&#803; fi&#772; sharh&#803; Talkhi&#772;s al-Mifta&#772;h&#803; / li-Ibn Ya&#699;qu&#772;b al-Maghribi&#772; -- &#699;Uru&#772;s al-afra&#772;h&#803; fi&#772; sharh&#803; Talkhi&#772;s al-Mifta&#772;h&#803; / li-Baha&#772;&#700; al-Di&#772;n al-Subki&#772;.</subfield></datafield><datafield ind1=" " ind2=" " tag="533"><subfield code="a">Electronic reproduction.</subfield><subfield code="b">New York, N.Y. :</subfield><subfield code="c">New York University,</subfield><subfield code="d">2015.</subfield><subfield code="5">NNU</subfield></datafield><datafield ind1="1" ind2="0" tag="600"><subfield code="6">880-03</subfield><subfield code="a">Qazwi&#772;ni&#772;, Jala&#772;l al-Di&#772;n Muh&#803;ammad ibn &#699;Abd al-Rah&#803;ma&#772;n,</subfield><subfield code="d">1267 or 1268-1338.</subfield><subfield code="t">Talkhi&#772;s&#803; al-Mifta&#772;h&#803;.</subfield></datafield><datafield ind1=" " ind2="0" tag="650"><subfield code="a">Arabic language</subfield><subfield code="x">Rhetoric</subfield><subfield code="v">Early works to 1800.</subfield></datafield><datafield ind1="1" ind2=" " tag="700"><subfield code="6">880-04</subfield><subfield code="a">Tafta&#772;za&#772;ni&#772;, Mas&#699;u&#772;d ibn &#699;Umar,</subfield><subfield code="d">1322-1389?</subfield></datafield><datafield ind1="2" ind2=" " tag="710"><subfield code="a">Cornell University.</subfield><subfield code="b">Libraries.</subfield></datafield><datafield ind1="0" ind2=" " tag="730"><subfield code="a">Arabic Collections Online.</subfield></datafield><datafield ind1="0" ind2="8" tag="776"><subfield code="i">Print version:</subfield><subfield code="t">Shuru&#772;h&#803; al-Talkhi&#772;s&#803;</subfield><subfield code="w">(NIC)1847446</subfield><subfield code="w">(DLC)   86930377 </subfield><subfield code="w">(OCoLC)30475717</subfield></datafield><datafield ind1="4" ind2="0" tag="856"><subfield code="u">http://hdl.handle.net/2333.1/1rn8pn4z</subfield></datafield><datafield ind1="0" ind2="0" tag="880"><subfield code="6">245-01/r</subfield><subfield code="a">&#1588;&#1583;&#1608;&#1581; &#1575;&#1604;&#1578;&#1604;&#1582;&#1610;&#1589;.</subfield></datafield><datafield ind1=" " ind2=" " tag="880"><subfield code="6">260-02/r</subfield><subfield code="a">[Qum] :</subfield><subfield code="b">&#1606;&#1588;&#1585; &#1571;&#1583;&#1576; &#1575;&#1604;&#1581;&#1608;&#1586;&#1577;&#1548;</subfield><subfield code="c">[198-?]</subfield></datafield><datafield ind1="1" ind2="4" tag="880"><subfield code="6">600-03/r</subfield><subfield code="a">&#1602;&#1586;&#1608;&#1610;&#1606;&#1610;&#1548; &#1580;&#1604;&#1575;&#1604; &#1575;&#1604;&#1583;&#1610;&#1606; &#1605;&#1581;&#1605;&#1583; &#1576;&#1606; &#1593;&#1576;&#1583; &#1575;&#1604;&#1585;&#1581;&#1605;&#1606;.</subfield><subfield code="t">&#1578;&#1604;&#1582;&#1610;&#1589; &#1575;&#1604;&#1605;&#1601;&#1578;&#1575;&#1581;.</subfield></datafield><datafield ind1="1" ind2=" " tag="880"><subfield code="6">700-04/r</subfield><subfield code="a">&#1578;&#1601;&#1578;&#1575;&#1586;&#1575;&#1606;&#1610;&#1548; &#1587;&#1593;&#1583; &#1575;&#1604;&#1583;&#1610;&#1606;.</subfield></datafield><datafield ind1=" " ind2=" " tag="959"><subfield code="a">NNU</subfield><subfield code="b">WEB</subfield><subfield code="c">GENI</subfield><subfield code="t">0</subfield><subfield code="m">Electronic access</subfield><subfield code="s">01</subfield></datafield><datafield ind1=" " ind2=" " tag="999"><subfield code="i">NIC_1847446</subfield><subfield code="o">(OCoLC)ocm30475717 </subfield><subfield code="s">cornell_aco000047:juz1</subfield><subfield code="s">cornell_aco000044:juz2</subfield><subfield code="s">cornell_aco000045:juz3</subfield><subfield code="s">cornell_aco000046:juz4</subfield></datafield></record>